<record><leader>00000cas a22000007a 4500</leader><controlfield tag="001">11277095</controlfield><controlfield tag="008">841017d186818uucoudn ne      0    0eng d</controlfield><datafield ind1=" " ind2=" " tag="010"><subfield code="a">sn 84027570 </subfield></datafield><datafield ind1=" " ind2=" " tag="040"><subfield code="a">NPU</subfield><subfield code="b">eng</subfield><subfield code="c">NPU</subfield><subfield code="d">CNQ</subfield><subfield code="d">OCLCQ</subfield></datafield><datafield ind1=" " ind2=" " tag="042"><subfield code="a">msc</subfield></datafield><datafield ind1="0" ind2="4" tag="245"><subfield code="a">The daily Colorado herald.</subfield></datafield><datafield ind1="3" ind2="0" tag="246"><subfield code="a">Daily herald</subfield></datafield><datafield ind1=" " ind2=" " tag="260"><subfield code="a">Central City, Colo. :</subfield><subfield code="b">Thomas J. Campbell</subfield></datafield><datafield ind1=" " ind2=" " tag="300"><subfield code="a">v.</subfield></datafield><datafield ind1=" " ind2=" " tag="310"><subfield code="a">Daily (except Sun.)</subfield></datafield><datafield ind1="1" ind2=" " tag="362"><subfield code="a">Began in 1868.</subfield></datafield><datafield ind1=" " ind2=" " tag="580"><subfield code="a">Weekly ed.: Colorado herald, 1868-</subfield></datafield><datafield ind1=" " ind2=" " tag="588"><subfield code="a">Description based on: Vol. 1, no. 140 (June 18, 1868).</subfield></datafield><datafield ind1=" " ind2=" " tag="752"><subfield code="a">United States</subfield><subfield code="b">Colorado</subfield><subfield code="c">Gilpin</subfield><subfield code="d">Central City.</subfield></datafield><datafield ind1="1" ind2=" " tag="775"><subfield code="t">Colorado herald</subfield></datafield><datafield ind1="1" ind2=" " tag="775"><subfield code="t">Weekly Colorado herald</subfield><subfield code="w">(DLC)sn 84027569</subfield></datafield><datafield ind1="0" ind2="0" tag="780"><subfield code="t">Daily Colorado times</subfield><subfield code="w">(DLC)sn 84027571</subfield></datafield></record>